
@book{sample,
  note={sample},
  version={},
  title-short={sample},
  title={sample},
  pages={}
}

@book{CDF,
  title={Cumulative distribution function $F_X(x)=P_X(X\le x)$},
  title-short={CDF},
  note={Definition},
  pages={26},
  version={1501}
}

@book{PDF,
  title={probability density function},
  title-short={PDF},
  note={Definition},
  pages={},
  version={}
}

@book{mean,
  title={expected value $Eg(X)=\sum_{-\infty}^\infty g(x)f_X(x)dx$},
  title-short={mean},
  note={Definition},
  pages={50},
  version={2201}
}

@book{Var,
  title={variance},
  title-short={Var},
  note={Definition},
  pages={},
  version={}
}

@book{Cor,
  title={correlation},
  title-short={Cor},
  note={Definition},
  pages={},
  version={}
}

@book{Cov,
  title={covariance},
  title-short={Cov},
  note={Definition},
  pages={},
  version={}
}

@book{Unif,
  title={Uniform distribution (a,b)},
  title-short={Unif},
  note={Distribution},
  pages={},
  version={}
}

@book{Bern,
  title={Bernoulli distribution (p)},
  title-short={Bern},
  note={Distribution},
  pages={},
  version={}
}

@book{Bino,
  title={Binomial distribution (n,p)},
  title-short={Bino},
  note={Distribution},
  pages={},
  version={}
}

@book{Pois,
  title={Poisson distribution $\lambda$},
  title-short={Pois},
  note={Distribution},
  pages={84},
  version={3203}
}

@book{SNorm,
  title={Standard Normal distribution},
  title-short={SNorm},
  note={Distribution},
  pages={},
  version={}
}

@book{Norm,
  title={Normal distribution},
  title-short={Norm},
  note={Distribution},
  pages={},
  version={}
}


@book{Gamma,
  title={Gammal distribution},
  title-short={Gamma},
  note={Distribution},
  pages={},
  version={}
}

@book{Beta,
  title={Beta distribution},
  title-short={Beta},
  note={Distribution},
  pages={},
  version={}
}

@book{Expo,
  title={Exponential distribution $\lambda$},
  title-short={Expo},
  note={Distribution},
  pages={90},
  version={3301}
}

@book{t,
  title={t distribution},
  title-short={t},
  note={Distribution},
  pages={},
  version={}
}

@book{Weib,
  title={Weibull distribution},
  title-short={Weib},
  note={Distribution},
  pages={},
  version={}
}

@book{Laplace,
  title={Laplace distribution},
  title-short={Laplace},
  note={Distribution},
  pages={},
  version={}
}

@book{SPower,
  title={Standard Power distribution},
  title-short={Power},
  note={Distribution},
  pages={},
  version={}
}

@book{lifetime,
  title={lifetime},
  title-short={lifetime},
  note={Definition},
  pages={},
  version={}
}

@book{MGF,
  title={moment generating function},
  title-short={MGF},
  note={Definition},
  pages={},
  version={}
}

@book{joint,
  title={joint pdf},
  title-short={joint},
  note={Definition},
  pages={},
  version={}
}

@book{cond,
  title={conditional pdf},
  title-short={cond},
  note={Definition},
  pages={},
  version={}
}

@book{marg,
  title={marginal pdf},
  title-short={marg},
  note={Definition},
  pages={},
  version={}
}

@book{trans,
  title={transformation},
  title-short={trans},
  note={Definition},
  pages={},
  version={}
}

@book{Cheb,
  title={Chebychev inequality},
  title-short={Cheb},
  note={Theorem},
  pages={111},
  version={3601}
}

@book{HypoT,
  title={Hypothesis Test},
  title-short={HypoT},
  note={Definition},
  pages={},
  version={}
}

@book{power,
  title={power function },
  title-short={power},
  note={Definition},
  pages={},
  version={}
}

@book{LRT,
  title={likelihood ratio test},
  title-short={LRT},
  note={Definition},
  pages={},
  version={}
}

@book{MOM,
  title={Method of Moments},
  title-short={MOM},
  note={Definition},
  pages={},
  version={}
}

@book{MLE,
  title={Maximum Likelihood Estimators},
  title-short={MLE},
  note={Definition},
  pages={315},
  version={7202}
}

@book{MSE,
  title={mean-squared error},
  title-short={MSE},
  note={Definition},
  pages={},
  version={}
}

@book{BayesE,
  title={Bayes estimator},
  title-short={BayesE},
  note={Definition},
  pages={},
  version={}
}

@book{FishI,
  title={Fisher information},
  title-short={FishI},
  note={Definition},
  pages={},
  version={}
}

@book{CI,
  title={confidence interval},
  title-short={CI},
  note={Definition},
  pages={},
  version={}
}

@book{CRLB,
  title={Cramer-Rao Lower Bound},
  title-short={CRLB},
  note={Definition},
  pages={335(361)},
  version={}
}

@book{suff,
  title={sufficient statistic},
  title-short={suff},
  note={Definition},
  pages={},
  version={}
}

@book{comp,
  title={complete},
  title-short={comp},
  note={Definition},
  pages={},
  version={}
}

@book{unbias,
  title={unbiased estimator},
  title-short={unbias},
  note={Definition},
  pages={},
  version={}
}

@book{effi,
  title={efficient},
  title-short={effi},
  note={Definition},
  pages={},
  version={}
}

@book{consi,
  title={consistent},
  title-short={cons},
  note={Definition},
  pages={},
  version={}
}

@book{asym,
  title={asymptotic},
  title-short={asym},
  note={Definition},
  pages={},
  version={}
}

@book{indep,
  title={independent},
  title-short={indep},
  note={Definition},
  pages={},
  version={}
}

@book{Basu,
  title={Basu's theorem},
  title-short={Basu},
  note={Theorem},
  pages={262},
  version={6224}
}

@book{MVUE,
  title={Minimum Variance Unbiased Estimator},
  title-short={MVUE},
  note={Definition},
  pages={},
  version={}
}

@book{UMVUE,
  title={uniform minimum variance unbiased estimator},
  title-short={UMVUE},
  note={Definition},
  pages={304--305},
  version={7307}
}

@book{UMP,
  title={uniformly most powerful},
  title-short={UMP},
  note={Definition},
  pages={388},
  version={8311}
}

@book{MLR,
  title={monotone likelihood ratio},
  title-short={MLR},
  note={Definition},
  pages={391},
  version={8316}
}


@book{LimD,
  title={limiting distribution},
  title-short={LimD},
  note={Definition},
  pages={},
  version={}
}
