% add comments with a quick overview of the paper you're citing
% Then paste in the citation info.



% This is Simon Wood's paper about automatically choosing the smoothing parameters for a GAM

@article{wood2016smoothing,
  title={Smoothing parameter and model selection for general smooth models},
  author={Wood, Simon N and Pya, Natalya and S{\"a}fken, Benjamin},
  journal={Journal of the American Statistical Association},
  volume={111},
  number={516},
  pages={1548--1563},
  year={2016},
  publisher={Taylor \& Francis}
}

% Daniel's paper investigates Bayesian variable selection when there is a hierarchical dependence structure on the inclusion of predictors in the model.

@article{taylor2016bayesian,
author = {Daniel Taylor-Rodriguez and Andrew Womack and Nikolay Bliznyuk},
title = {Bayesian Variable Selection on Model Spaces Constrained by Heredity Conditions},
journal = {Journal of Computational and Graphical Statistics},
volume = {25},
number = {2},
pages = {515-535},
year  = {2016},
publisher = {Taylor & Francis},
doi = {10.1080/10618600.2015.1056793}
}

% The textbook about linear regression, VIF test, model diagnostics.

@book{montgomery2012introduction,
  title={Introduction to linear regression analysis},
  author={Montgomery, Douglas C and Peck, Elizabeth A and Vining, G Geoffrey},
  volume={821},
  year={2012},
  publisher={John Wiley \& Sons}
}

@book{GAM, 
  title={Generalized Additive Models: An Introduction with R, Second Edition},
  author={Wood, Simon N.},
  year={2017},
  publisher={Chapman and Hall/CRC}
}

% A research in Oregon

@inproceedings{torgersen2006landscape,
  title={Landscape influences on longitudinal patterns of river fishes: spatially continuous analysis of fish-habitat relationships},
  author={Torgersen, Christian E and Baxter, Colden V and Li, Hiram W and McIntosh, Bruce A},
  booktitle={American Fisheries Society Symposium},
  volume={48},
  pages={473},
  year={2006},
  organization={American Fisheries Society}
}

%  glacial history and relief structure appear to be the first‐order controls on substrate grain size and habitat quality in these two rivers

@article{wilkins2011geomorphic,
  title={Geomorphic comparison of two Atlantic coastal rivers: toward an understanding of physical controls on Atlantic salmon habitat},
  author={Wilkins, Benjamin C and Snyder, NP},
  journal={River Research and Applications},
  volume={27},
  number={2},
  pages={135--156},
  year={2011},
  publisher={Wiley Online Library}
}

% fish avoid reach types where there is a high probability that eggs will be lost due to scour.

@article{moir2004linking,
  title={Linking channel geomorphic characteristics to spatial patterns of spawning activity and discharge use by Atlantic salmon (Salmo salar L.)},
  author={Moir, HJ and Gibbins, Christopher Neil and Soulsby, Christopher and Webb, J},
  journal={Geomorphology},
  volume={60},
  number={1-2},
  pages={21--35},
  year={2004},
  publisher={Elsevier}
}
% Sci-kit Learn is a ML package for python with tools for implementing and evaluating various classification/regression algorithms
@article{sklearn,
  title={Scikit-learn: Machine learning in Python},
  author={Pedregosa, Fabian and Varoquaux, Ga{\"e}l and Gramfort, Alexandre and Michel, Vincent and Thirion, Bertrand and Grisel, Olivier and Blondel, Mathieu and Prettenhofer, Peter and Weiss, Ron and Dubourg, Vincent and others},
  journal={Journal of machine learning research},
  volume={12},
  number={Oct},
  pages={2825--2830},
  year={2011}
}

% XGBoost is extreme gradient boosted trees. Related to random forests, capable of classification and regression
@inproceedings{xgboost,
  title={Xgboost: A scalable tree boosting system},
  author={Chen, Tianqi and Guestrin, Carlos},
  booktitle={Proceedings of the 22nd acm sigkdd international conference on knowledge discovery and data mining},
  pages={785--794},
  year={2016}
}
% Original Random Forest paper describing the process. 
@article{randomforest,
  title={Random forests},
  author={Breiman, Leo},
  journal={Machine learning},
  volume={45},
  number={1},
  pages={5--32},
  year={2001},
  publisher={Springer}
}

% Textbook covering various topics in pattern recognition and machine learning. Covers MLP, SVM, others. 
@book{bishop2006pattern,
  title={Pattern recognition and machine learning},
  author={Bishop, Christopher M},
  year={2006},
  publisher={springer}
}

% Textbook on Gaussian Process with its applications
@book{GPR,
  title={Gaussian Processes for Machine Learning},
  author={Rasmussen, Carl Edward and Williams, Christopher K. I.},
  year={2006},
  publisher={The MIT Press}
}

% GPR R package 
@Manual{Gaupro,
    title = {GauPro: Gaussian Process Fitting},
    author = {{Collin Erickson}},
    year = {2017},
    url = {https://cran.r-project.org/web/packages/GauPro/index.html},
  }

% GPR R package 
@Manual{caret,
    title = {caret: Classification and Regression Training},
    author = {{Max Kuhn}},
    year = {2020},
    url = {https://cran.r-project.org/web/packages/caret/index.html},
  }

% paper on naive Bayes classifier
@article{GNBzhang,
  title={The optimality of naive Bayes},
  author={Zhang, Harry},
  journal={AA},
  volume={1},
  number={2},
  pages={3},
  year={2004}
}

% Hinton original MLP pape
@incollection{hinton1990connectionist,
  title={Connectionist learning procedures},
  author={Hinton, Geoffrey E},
  booktitle={Machine learning},
  pages={555--610},
  year={1990},
  publisher={Elsevier}
}

%paper on cross-validation for time-series predictors
@article{CVinTime,
    title={On the use of cross-validation for time series predictor evaluation},
    author={Christoph Bergmeier, José M. Benítez},
    journal={Information Sciences},
    pages={192--213},
    year={2012},
    publisher={Elsevier}
}