
@book{sample,
  type={sample},
  section={},
  ShortTitle={sample},
  title={sample},
  pages={}
}

@book{CDF,
  title={Cumulative distribution function $F_X(x)=P_X(X\le x)$},
  ShortTitle={CDF},
  type={Definition},
  pages={26},
  section={1501}
}

@book{PDF,
  title={probability density function},
  ShortTitle={PDF},
  type={Definition},
  pages={},
  section={}
}

@book{mean,
  title={expected value $Eg(X)=\sum_{-\infty}^\infty g(x)f_X(x)dx$},
  ShortTitle={mean},
  type={Definition},
  pages={50},
  section={2201}
}

@book{Var,
  title={variance},
  ShortTitle={Var},
  type={Definition},
  pages={},
  section={}
}

@book{Cor,
  title={correlation},
  ShortTitle={Cor},
  type={Definition},
  pages={},
  section={}
}

@book{Cov,
  title={covariance},
  ShortTitle={Cov},
  type={Definition},
  pages={},
  section={}
}

@book{Unif,
  title={Uniform distribution (a,b)},
  ShortTitle={Unif},
  type={Distribution},
  pages={},
  section={}
}

@book{Bern,
  title={Bernoulli distribution (p)},
  ShortTitle={Bern},
  type={Distribution},
  pages={},
  section={}
}

@book{Bino,
  title={Binomial distribution (n,p)},
  ShortTitle={Bino},
  type={Distribution},
  pages={},
  section={}
}

@book{Pois,
  title={Poisson distribution $\lambda$},
  ShortTitle={Pois},
  type={Distribution},
  pages={84},
  section={3203}
}

@book{SNorm,
  title={Standard Normal distribution},
  ShortTitle={SNorm},
  type={Distribution},
  pages={},
  section={}
}

@book{Norm,
  title={Normal distribution},
  ShortTitle={Norm},
  type={Distribution},
  pages={},
  section={}
}


@book{Gamma,
  title={Gammal distribution},
  ShortTitle={Gamma},
  type={Distribution},
  pages={},
  section={}
}

@book{Beta,
  title={Beta distribution},
  ShortTitle={Beta},
  type={Distribution},
  pages={},
  section={}
}

@book{Expo,
  title={Exponential distribution $\lambda$},
  ShortTitle={Expo},
  type={Distribution},
  pages={90},
  section={3301}
}

@book{t,
  title={t distribution},
  ShortTitle={t},
  type={Distribution},
  pages={},
  section={}
}

@book{Weib,
  title={Weibull distribution},
  ShortTitle={Weib},
  type={Distribution},
  pages={},
  section={}
}

@book{Laplace,
  title={Laplace distribution},
  ShortTitle={Laplace},
  type={Distribution},
  pages={},
  section={}
}

@book{SPower,
  title={Standard Power distribution},
  ShortTitle={Power},
  type={Distribution},
  pages={},
  section={}
}

@book{lifetime,
  title={lifetime},
  ShortTitle={lifetime},
  type={Definition},
  pages={},
  section={}
}

@book{MGF,
  title={moment generating function},
  ShortTitle={MGF},
  type={Definition},
  pages={},
  section={}
}

@book{joint,
  title={joint pdf},
  ShortTitle={joint},
  type={Definition},
  pages={},
  section={}
}

@book{cond,
  title={conditional pdf},
  ShortTitle={cond},
  type={Definition},
  pages={},
  section={}
}

@book{marg,
  title={marginal pdf},
  ShortTitle={marg},
  type={Definition},
  pages={},
  section={}
}

@book{trans,
  title={transformation},
  ShortTitle={trans},
  type={Definition},
  pages={},
  section={}
}

@book{Cheb,
  title={Chebychev inequality},
  ShortTitle={Cheb},
  type={Theorem},
  pages={111},
  section={3601}
}

@book{HypoT,
  title={Hypothesis Test},
  ShortTitle={HypoT},
  type={Definition},
  pages={},
  section={}
}

@book{power,
  title={power function },
  ShortTitle={power},
  type={Definition},
  pages={},
  section={}
}

@book{LRT,
  title={likelihood ratio test},
  ShortTitle={LRT},
  type={Definition},
  pages={},
  section={}
}

@book{MOM,
  title={Method of Moments},
  ShortTitle={MOM},
  type={Definition},
  pages={},
  section={}
}

@book{MLE,
  title={Maximum Likelihood Estimators},
  ShortTitle={MLE},
  type={Definition},
  pages={315},
  section={7202}
}

@book{MSE,
  title={mean-squared error},
  ShortTitle={MSE},
  type={Definition},
  pages={},
  section={}
}

@book{BayesE,
  title={Bayes estimator},
  ShortTitle={BayesE},
  type={Definition},
  pages={},
  section={}
}

@book{FishI,
  title={Fisher information},
  ShortTitle={FishI},
  type={Definition},
  pages={},
  section={}
}

@book{CI,
  title={confidence interval},
  ShortTitle={CI},
  type={Definition},
  pages={},
  section={}
}

@book{CRLB,
  title={Cramer-Rao Lower Bound},
  ShortTitle={CRLB},
  type={Definition},
  pages={335(361)},
  section={}
}

@book{suff,
  title={sufficient statistic},
  ShortTitle={suff},
  type={Definition},
  pages={},
  section={}
}

@book{comp,
  title={complete},
  ShortTitle={comp},
  type={Definition},
  pages={},
  section={}
}

@book{unbias,
  title={unbiased estimator},
  ShortTitle={unbias},
  type={Definition},
  pages={},
  section={}
}

@book{effi,
  title={efficient},
  ShortTitle={effi},
  type={Definition},
  pages={},
  section={}
}

@book{consi,
  title={consistent},
  ShortTitle={cons},
  type={Definition},
  pages={},
  section={}
}

@book{asym,
  title={asymptotic},
  ShortTitle={asym},
  type={Definition},
  pages={},
  section={}
}

@book{indep,
  title={independent},
  ShortTitle={indep},
  type={Definition},
  pages={},
  section={}
}

@book{Basu,
  title={Basu's theorem},
  ShortTitle={Basu},
  type={Theorem},
  pages={262},
  section={6224}
}

@book{MVUE,
  title={Minimum Variance Unbiased Estimator},
  ShortTitle={MVUE},
  type={Definition},
  pages={},
  section={}
}

@book{UMVUE,
  title={uniform minimum variance unbiased estimator},
  ShortTitle={UMVUE},
  type={Definition},
  pages={304--305},
  section={7307}
}

@book{UMP,
  title={uniformly most powerful},
  ShortTitle={UMP},
  type={Definition},
  pages={388},
  section={8311}
}

@book{MLR,
  title={monotone likelihood ratio},
  ShortTitle={MLR},
  type={Definition},
  pages={391},
  section={8316}
}


@book{LimD,
  title={limiting distribution},
  ShortTitle={LimD},
  type={Definition},
  pages={},
  section={}
}
